@Book{book:phpmysql,
  author    = {Mathias Kannengiesser},
  title     = {PHP 5 / MySQL 4},
  address   = {Poing},
  publisher = {Franzis},
  year      = 2004
}


@Book{pdf:xslt,
  author    = {Daniel Koch},
  address   = {Frankfurt},
  title     = {XSLT},
  subtitle  = {schnell + kompakt},
  publisher = {entwickler.press},
  year      = 2007
}

@Book{pdf:xquery,
  author    = {Rudolf Jansen},
  address   = {Frankfurt},
  title     = {XQuery},
  subtitle  = {Eine praxisorientierte Einführung},
  publisher = {entwickler.press},
  year      = 2004
}

@Book{pdf:xml,
  author    = {Ralph Steyer},
  address   = {Frankfurt},
  title     = {XML mit Java},
  subtitle  = {Professionell einsteigen},
  publisher = {entwickler.press},
  year      = 2005
}

@Book{pdf:xslfo,
  author    = {Manfred Krüger and Ursula Welsch},
  address   = {Frankfurt},
  title     = {XSL-FO Praxis},
  publisher = {entwickler.press},
  year      = 2007
}

@booklet{wiki:de:xml,
  author      = "Wikipedia",
  title       = "Extensible Markup Language",
  year        = 2009,
  url         = "http://de.wikipedia.org/w/index.php?title=Extensible_Markup_Language&oldid=57162548",
  lastchecked = {01. März 2009}
}

@booklet{wiki:de:xmlschema,
  author      = "Wikipedia",
  title       = "XML Schema",
  year        = 2009,
  url         = "http://de.wikipedia.org/w/index.php?title=XML_Schema&oldid=56081615",
  lastchecked = "01. März 2009"
}

@booklet{wiki:de:web20,
  author = "Wikipedia",
  title = "Web 2.0",
  year = 2009,
  url = "http://de.wikipedia.org/w/index.php?title=Web_2.0&oldid=57263480",
  lastchecked = "01. März 2009"
  }

@booklet{wiki:de:dom,
  author = "Wikipedia",
  title = "Document Object Model",
  year = 2009,
  url = "http://de.wikipedia.org/w/index.php?title=Document_Object_Model&oldid=57252665",
  lastchecked = "01. März 2009"
  }

@booklet{wiki:de:xpath,
  author = "Wikipedia",
  title = "XPath",
  year = 2009,
  url = "http://de.wikipedia.org/w/index.php?title=XPath&oldid=55936210",
  lastchecked = "01. März 2009"
}

@booklet{www:ibm:xml,
  author = "Cliff Morgan",
  title  = "XML for PHP developers, Part 1",
  year = 2007,
  url = "http://www.ibm.com/developerworks/xml/library/x-xmlphp1.html",
  lastchecked = "01. März 2009"
}